\providecommand{\bysame}{\leavevmode\hbox to3em{\hrulefill}\thinspace}
\providecommand{\MR}{\relax\ifhmode\unskip\space\fi MR }
% \MRhref is called by the amsart/book/proc definition of \MR.
\providecommand{\MRhref}[2]{%
  \href{http://www.ams.org/mathscinet-getitem?mr=#1}{#2}
}
\providecommand{\href}[2]{#2}
\begin{thebibliography}{10}

\bibitem{Andrews:/1994b}
Ben Andrews, \emph{Contraction of convex hypersurfaces in {E}uclidean space},
  Calc. Var. Partial Differ. Equ. \textbf{2} (1994), no.~2, 151--171.

\bibitem{Andrews:09/1994}
\bysame, \emph{Harnack inequalities for evolving hypersurfaces}, Math. Z.
  \textbf{217} (1994), no.~1, 179--197.

\bibitem{Andrews:/2007}
\bysame, \emph{Pinching estimates and motion of hypersurfaces by curvature
  functions}, J. Reine Angew. Math. \textbf{608} (2007), 17--33. \MR{2339467
  (2008i:53087)}

\bibitem{Andrews:04/2010}
\bysame, \emph{Moving surfaces by non-concave curvature functions}, Calc. Var.
  Partial Differ. Equ. \textbf{39} (2010), no.~3-4, 649--657. \MR{2729317
  (2011k:53082)}

\bibitem{AndrewsMcCoyZheng:07/2013}
Ben Andrews, James McCoy, and Yu~Zheng, \emph{Contracting convex hypersurfaces
  by curvature}, Calc. Var. Partial Differ. Equ. \textbf{47} (2013), no.~3--4,
  611--665.

\bibitem{IvakiBryan:08/2015}
Paul Bryan and Mohammad~N. Ivaki, \emph{{Harnack estimate for mean curvature
  flow on the sphere}}, arXiv e-prints (2015).

\bibitem{bryanlouie}
Paul Bryan and Janelle Louie, \emph{Classification of convex ancient solutions
  to curve shortening flow on the sphere}, The Journal of Geometric Analysis
  (2015), 1--15 (English).

\bibitem{Chow:06/1991}
Bennett Chow, \emph{On {H}arnack's inequality and entroy for the {G}aussian
  curvature flow}, Comm. Pure Appl. Math. \textbf{44} (1991), no.~4, 469--483.

\bibitem{MR1856176}
Bennett Chow and Sun-Chin Chu, \emph{Space-time formulation of {H}arnack
  inequalities for curvature flows of hypersurfaces}, J. Geom. Anal.
  \textbf{11} (2001), no.~2, 219--231. \MR{1856176 (2003c:53097)}

\bibitem{Gerhardt:01/1996}
Claus Gerhardt, \emph{Closed {W}eingarten hypersurfaces in space forms},
  Geometric analysis and the calculus of variations (J{\"u}rgen Jost, ed.),
  International Press of Boston Inc., 1996, pp.~71--98.

\bibitem{Gerhardt:/2006}
\bysame, \emph{Curvature problems}, Series in Geometry and Topology, vol.~39,
  International Press of Boston Inc., 2006.

\bibitem{Gerhardt:/2015}
\bysame, \emph{Curvature flows in the sphere}, J. Differ. Geom. \textbf{100}
  (2015), no.~2, 301--347.

\bibitem{Hamilton:/1995}
Richard Hamilton, \emph{{H}arnack estimate for the mean curvature flow}, J.
  Differ. Geom. \textbf{41} (1995), no.~1, 215--226.

\bibitem{2013arXiv1301.1543H}
S.~{Helmensdorfer} and P.~{Topping}, \emph{{The geometry of differential
  Harnack estimates}}, ArXiv e-prints (2013).

\bibitem{Huisken:/1987a}
Gerhard Huisken, \emph{{Deforming hypersurfaces of the sphere by their mean
  curvature}}, Math. Z. \textbf{195} (1987), no.~2, 205--219.

\bibitem{ivaki2015centro}
Mohammad~N. Ivaki, \emph{Centro-affine normal flows on curves: Harnack
  estimates and ancient solutions}, Ann. Inst. H. Poincar\'{e} Anal. Non
  Lin\'{e}air \textbf{32} (2015), 1189--1197.

\bibitem{ivaki2015convex}
\bysame, \emph{Convex bodies with pinched {M}ahler volume under the
  centro-affine normal flows}, Calc. Var. Partial Differ. Equ.
  \textbf{54} (2015), 831--846.

\bibitem{kotschwarharnack}
Brett Kotschwar, \emph{{Harnack inequalities for evolving convex hypersurfaces
  from the space-time perspective}}, {preprint} (2009).

\bibitem{MR834612}
Peter Li and Shing-Tung Yau, \emph{On the parabolic kernel of the
  {S}chr\"odinger operator}, Acta Math. \textbf{156} (1986), no.~3-4, 153--201.
  \MR{834612 (87f:58156)}

\bibitem{Li:/2011}
Yi~Li, \emph{Harnack inequality for the negative power gaussian curvature
  flow}, Proc. Amer. Math. Soc. \textbf{139} (2011), 3707--3717.

\bibitem{MakowskiScheuer:/2013}
Matthias Makowski and Julian Scheuer, \emph{Rigidity results, inverse curvature
  flows and {A}lexandrov-{F}enchel type inequalities in the sphere}, to appear
  in Asian J. Math. (2016).

\bibitem{Schulze:/2005}
Felix Schulze, \emph{Evolution of convex hypersurfaces by powers of the mean
  curvature}, Math. Z. \textbf{251} (2005), no.~4, 721--733. \MR{2190140
  (2006h:53065)}

\bibitem{Smoczyk:/1997}
Knut Smoczyk, \emph{Harnack inequalities for curvature flows depending on mean
  curvature}, N. Y. J. Math. \textbf{3} (1997), 103--118.

\end{thebibliography}
